<?xml version="1.0" encoding="UTF-8"?><collection xmlns="http://www.loc.gov/MARC21/slim"><record><leader>00579nam--2200205-i-4500</leader><controlfield tag="001">000028310</controlfield><controlfield tag="002">20161230</controlfield><controlfield tag="005">20161230201037</controlfield><controlfield tag="008">060222s1000------------r-----000-0-rus-d</controlfield><datafield ind1=" " ind2=" " tag="040"><subfield code="a">IFIN-HH</subfield></datafield><datafield ind1=" " ind2=" " tag="041"><subfield code="a">rus</subfield></datafield><datafield ind1=" " ind2=" " tag="080"><subfield code="a">539.1.07</subfield></datafield><datafield ind1="1" ind2=" " tag="100"><subfield code="a">Rossi, Bruno</subfield></datafield><datafield ind1="1" ind2="0" tag="245"><subfield code="a">Ionizationnie kameri i scetciki</subfield><subfield code="c">Bruno rossi, hans h. staub</subfield></datafield><datafield ind1=" " ind2=" " tag="260"><subfield code="a">Moskva</subfield><subfield code="b">Inostrannoi Literaturi</subfield><subfield code="c">1951</subfield></datafield><datafield ind1=" " ind2=" " tag="300"><subfield code="a">240P</subfield></datafield><datafield ind1=" " ind2=" " tag="500"><subfield code="a">Titlul Original In Limba Engleza: Ionization Chambers And Counters</subfield></datafield><datafield ind1="1" ind2=" " tag="700"><subfield code="a">Staub, Hans H</subfield></datafield><datafield ind1=" " ind2=" " tag="852"><subfield code="a">1523</subfield><subfield code="c">539.1.07</subfield></datafield><datafield ind1=" " ind2=" " tag="CAT"><subfield code="a">Sys</subfield><subfield code="c">20111014</subfield><subfield code="h">123815</subfield></datafield></record></collection>